<?xml version="1.0" encoding="utf-8"?>
<record xmlns="http://www.loc.gov/MARC21/slim" xmlns:xsi="http://www.w3.org/2001/XMLSchema-instance" xsi:schemaLocation="http://www.loc.gov/MARC21/slim http://www.loc.gov/standards/marcxml/schema/MARC21slim.xsd">
	<leader>     nam a22        4500</leader>
	<controlfield tag="001">b12724750</controlfield>
	<controlfield tag="003">LeBAU</controlfield>
	<controlfield tag="006">m        d        </controlfield>
	<controlfield tag="007">cr cn |||m|||a</controlfield>
	<controlfield tag="008">180126s1950    sy afh  ob    ||1 0 ara d</controlfield>
	<datafield ind1=" " ind2=" " tag="040">
		<subfield code="a">NNU</subfield>
		<subfield code="b">ara</subfield>
		<subfield code="e">rda</subfield>
		<subfield code="c">NNU</subfield>
	</datafield>
	<datafield ind1="0" ind2="4" tag="082">
		<subfield code="a">956.9</subfield>
		<subfield code="2">22</subfield>
	</datafield>
	<datafield ind1="0" ind2=" " tag="100">
		<subfield code="6">880-01</subfield>
		<subfield code="a">ʻAbd al-Jabbār al-Khawlānī,</subfield>
		<subfield code="d">active 10th century,</subfield>
		<subfield code="e">author.</subfield>
	</datafield>
	<datafield ind1="1" ind2="0" tag="245">
		<subfield code="6">880-02</subfield>
		<subfield code="a">Tārīkh Dārayyā /</subfield>
		<subfield code="c">lil-qāḍī ʻAbd al-Jabbār al-Khawlānī ; bi-‘ināyat Sayyid al-Afghānī.</subfield>
	</datafield>
	<datafield ind1=" " ind2="1" tag="264">
		<subfield code="6">880-03</subfield>
		<subfield code="a">Dimashq :</subfield>
		<subfield code="b">Maṭba‘at al-Taraqqī,</subfield>
		<subfield code="c">1369 H. = 1950 M.</subfield>
	</datafield>
	<datafield ind1=" " ind2=" " tag="300">
		<subfield code="6">880-04</subfield>
		<subfield code="a">online resource (18, 152 pages, 3 unnumbered leaves of plates) :</subfield>
		<subfield code="b">illustrations, facsimiles</subfield>
	</datafield>
	<datafield ind1=" " ind2=" " tag="336">
		<subfield code="a">text</subfield>
		<subfield code="2">rdacontent</subfield>
	</datafield>
	<datafield ind1=" " ind2=" " tag="337">
		<subfield code="a">computer</subfield>
		<subfield code="2">rdamedia</subfield>
	</datafield>
	<datafield ind1=" " ind2=" " tag="338">
		<subfield code="a">online resource</subfield>
		<subfield code="2">rdacarrier</subfield>
	</datafield>
	<datafield ind1=" " ind2=" " tag="500">
		<subfield code="a">Part of the Arabic Collections Online (ACO) project, contributed by American University of Beirut's Jafet Memorial Library.</subfield>
	</datafield>
	<datafield ind1=" " ind2=" " tag="504">
		<subfield code="a">يتضمن مراجع ببليوغرافية وكشافات.</subfield>
	</datafield>
	<datafield ind1=" " ind2=" " tag="533">
		<subfield code="a">Electronic reproduction.</subfield>
		<subfield code="b">New York, N.Y. :</subfield>
		<subfield code="c">New York University,</subfield>
		<subfield code="d">2018.</subfield>
		<subfield code="5">NNU</subfield>
	</datafield>
	<datafield ind1=" " ind2="4" tag="651">
		<subfield code="a">داريا (سوريا)</subfield>
		<subfield code="x">تاريخ.</subfield>
	</datafield>
	<datafield ind1=" " ind2="4" tag="651">
		<subfield code="a">داريا (سوريا)</subfield>
		<subfield code="v">تراجم.</subfield>
	</datafield>
	<datafield ind1=" " ind2="4" tag="651">
		<subfield code="a">داريا (سوريا)</subfield>
		<subfield code="x">الحياة الفكرية.</subfield>
	</datafield>
	<datafield ind1=" " ind2="0" tag="651">
		<subfield code="a">Dārayyā (Damascus, Syria)</subfield>
		<subfield code="x">History.</subfield>
	</datafield>
	<datafield ind1=" " ind2="0" tag="651">
		<subfield code="a">Dārayyā (Damascus, Syria)</subfield>
		<subfield code="v">Biography.</subfield>
	</datafield>
	<datafield ind1=" " ind2="0" tag="651">
		<subfield code="a">Dārayyā (Damascus, Syria)</subfield>
		<subfield code="x">Intellectual life.</subfield>
	</datafield>
	<datafield ind1="1" ind2=" " tag="700">
		<subfield code="6">880-05</subfield>
		<subfield code="a">Afghānī, Saʻīd,</subfield>
		<subfield code="e">compiler.</subfield>
	</datafield>
	<datafield ind1="2" ind2=" " tag="710">
		<subfield code="a">Jafet Memorial Library.</subfield>
	</datafield>
	<datafield ind1="0" ind2=" " tag="730">
		<subfield code="a">Arabic Collections Online.</subfield>
	</datafield>
	<datafield ind1="0" ind2="8" tag="776">
		<subfield code="i">Print version:</subfield>
		<subfield code="a">ʻAbd al-Jabbār al-Khawlānī, active 10th century, author.</subfield>
		<subfield code="t">Tārīkh Dārayyā</subfield>
		<subfield code="w">(LeBAU)b12724750</subfield>
	</datafield>
	<datafield ind1="4" ind2="0" tag="856">
		<subfield code="u">http://hdl.handle.net/2333.1/573n60pf</subfield>
	</datafield>
	<datafield ind1="0" ind2=" " tag="880">
		<subfield code="6">100-01/(3/r</subfield>
		<subfield code="a">عبد الجبار الخولاني،</subfield>
		<subfield code="d">اشتهر في القرن 10،</subfield>
		<subfield code="e">مؤلف. </subfield>
		<subfield code="4">aut.</subfield>
	</datafield>
	<datafield ind1="1" ind2="0" tag="880">
		<subfield code="6">245-02/(3/r</subfield>
		<subfield code="a">تاريخ داريا /</subfield>
		<subfield code="c">للقاضي عبد الجبار الخولاني ؛ بعناية سيد الأفغاني.</subfield>
	</datafield>
	<datafield ind1=" " ind2="1" tag="880">
		<subfield code="6">264-03/(3/r</subfield>
		<subfield code="a">دمشق :</subfield>
		<subfield code="b">مطبعة الترقي،</subfield>
		<subfield code="c">1369 هـ. = 1950 م.</subfield>
	</datafield>
	<datafield ind1=" " ind2=" " tag="880">
		<subfield code="6">300-04/(3/r</subfield>
		<subfield code="a">18، 152 صفحة، 3 ورقات لوحات غير مرقمة :</subfield>
		<subfield code="b">مصورات، صور طبق الأصل ؛</subfield>
		<subfield code="c">24 سم</subfield>
	</datafield>
	<datafield ind1="1" ind2=" " tag="880">
		<subfield code="6">700-05/(3/r</subfield>
		<subfield code="a">الافغاني، سيد،</subfield>
		<subfield code="e">معد. </subfield>
		<subfield code="4">com.</subfield>
	</datafield>
	<datafield ind1=" " ind2=" " tag="959">
		<subfield code="a">NNU</subfield>
		<subfield code="b">WEB</subfield>
		<subfield code="c">GENI</subfield>
		<subfield code="t">0</subfield>
		<subfield code="m">Electronic access</subfield>
		<subfield code="s">01</subfield>
	</datafield>
	<datafield ind1=" " ind2=" " tag="999">
		<subfield code="i">LeBAU_b12724750</subfield>
		<subfield code="s">aub_aco001722</subfield>
		<subfield code="e">(ERROR-MISC)</subfield>
	</datafield>
</record>
